<?xml version="1.0" encoding="UTF-8"?><collection xmlns="http://www.loc.gov/MARC21/slim"><record><leader>00323nam--2200109-i-4500</leader><controlfield tag="001">000006200</controlfield><controlfield tag="002">20161230</controlfield><controlfield tag="005">20170206161025</controlfield><controlfield tag="008">060222s1000------------r-----000-0-eng-d</controlfield><datafield ind1=" " ind2=" " tag="245"><subfield code="a">Celebrazioni archimedee del sec.XX. 11-16 aprilie 1961 Vol.2: Simposio di analisi</subfield></datafield><datafield ind1=" " ind2=" " tag="260"><subfield code="a">Gubbio</subfield><subfield code="b">Oderisi</subfield><subfield code="c">1962</subfield></datafield><datafield ind1=" " ind2=" " tag="CAT"><subfield code="a">SYS</subfield><subfield code="c">20170206</subfield><subfield code="h">161025</subfield></datafield></record></collection>